@online{mma_icecube,
  author = {Juan Antonio Aguilar and Jamie Yang},
  title = {Neutrinos and gamma rays, a partnership to explore the extreme universe},
  url = {https://icecube.wisc.edu/news/view/455},
  urldate = {2020-08-16}
}
@online{cta-website,
  author = {Cherenkov Telescope Array Observatory gGmbH},
  title = {Cherenkov Telescope Array},
  subtitle = {Exploring the Universe at the Highest Energies},
  url = {https://www.cta-observatory.org/},
  urldate = {2020-09-15}
}
@online{cta-flickr,
  author = {Cherenkov Telescope Array Observatory},
  title = {LST Prototype, La Palma},
  url = {https://www.flickr.com/photos/cta_observatory/albums/72157671493684827/with/48629242378/},
  urldate = {2020-09-15}
}
@thesis{max,
  author = {Nöthe, Maximilian},
  title = {Monitoring the High Energy Universe},
  subtitle = {Open, Reproducible, Machine Learning Based Analysis for the First G-APD Cherenkov Telescope},
  year = {2020},
  type = {PhD thesis},
  school = {TU Dortmund}
}
@software{aict-tools,
  author       = {Maximilian Nöthe and
                  Kai Brügge and
                  Jens Buß},
  title        = {fact-project/aict-tools: v0.25.0},
  month        = aug,
  year         = 2020,
  publisher    = {Zenodo},
  version      = {v0.25.0},
  doi          = {10.5281/zenodo.3989579},
}